
@misc{
	Stockfish,
	title={Home - Stockfish - Open Source Chess Engine},
	howpublished={\url{https://stockfishchess.org/}},
	note={Accessed: 2017-05-04}
}

@misc{
	ChessStandings,
	title={CCRL 40/40},
	howpublished={\url{http://www.computerchess.org.uk/ccrl/4040/cgi/compare_engines.cgi?family=Stockfish&print=Rating+list&print=Results+table&print=LOS+table&print=Ponder+hit+table&print=Eval+difference+table&print=Comopp+gamenum+table&print=Overlap+table&print=Score+with+common+opponents}},
	note={Accessed: 2017-05-04}
}

@misc{
	OpenMPI,
	title={Open MPI: Open Source High Performance Computing},
	howpublished={\url{https://www.open-mpi.org/}},
	note={Accessed: 2017-05-04}
}

@misc{
	wiki:Jonny,
	title={Jonny: Chess Programming Wiki},
	howpublished={\url{https://chessprogramming.wikispaces.com/Jonny}},
	note={Accessed: 2017-05-04}
}

@misc{
	WCCC15,
	title={21st World Computer Chess Championships},
	howpublished={\url{https://icga.leidenuniv.nl/wp-content/uploads/2015/07/WCCC2015.pdf}},
	note={Accessed: 2017-05-04}
}

@misc{
	stockfish:code,
	author = {Romstad, Tord and Costalba, Marco and Kiiski, Joona},
	title = {Stockfish},
	year = {2017},
	publisher = {GitHub},
	journal = {GitHub repository},
	howpublished = {\url{https://github.com/official-stockfish/Stockfish}},
}

@misc{
	fishtest:code,
	author = {Gary Linscott},
	title = {Fishtest},
	year = {2017},
	publisher = {GitHub},
	journal = {GitHub repository},
	howpublished = {\url{https://github.com/glinscott/fishtest}},
}

